[gd_scene load_steps=10 format=2]

[ext_resource path="res://addons/godot-openxr/scenes/first_person_controller_vr.tscn" type="PackedScene" id=1]
[ext_resource path="res://assets/debug/TestGrid.tres" type="Material" id=2]
[ext_resource path="res://FlipSwitch.tscn" type="PackedScene" id=3]
[ext_resource path="res://objects/ship/PlayerShip.tscn" type="PackedScene" id=4]
[ext_resource path="res://objects/debug/DebugScreen.tscn" type="PackedScene" id=5]

[sub_resource type="PlaneMesh" id=2]
material = ExtResource( 2 )
size = Vector2( 100, 100 )

[sub_resource type="BoxShape" id=3]
extents = Vector3( 50, 1, 50 )

[sub_resource type="PlaneMesh" id=4]
size = Vector2( 0.46, 0.4 )

[sub_resource type="SpatialMaterial" id=5]
albedo_color = Color( 0.698039, 0.647059, 0.647059, 1 )

[node name="Spatial" type="Spatial"]

[node name="DirectionalLight" type="DirectionalLight" parent="."]
transform = Transform( 0.64909, -0.602355, -0.464597, -0.0579374, -0.648111, 0.759339, -0.758502, -0.465961, -0.455581, 0, 86.4275, -156.787 )
light_energy = 0.6

[node name="Floor" type="StaticBody" parent="."]

[node name="MeshInstance" type="MeshInstance" parent="Floor"]
mesh = SubResource( 2 )
material/0 = null

[node name="CollisionShape" type="CollisionShape" parent="Floor"]
transform = Transform( 1, 0, 0, 0, 1, 0, 0, 0, 1, 0, -1, 0 )
shape = SubResource( 3 )

[node name="FPSController" parent="." instance=ExtResource( 1 )]
transform = Transform( 1, 0, 0, 0, 1, 0, 0, 0, 1, 0, 0.559492, 0 )

[node name="LeftHandController" parent="FPSController" index="2"]
visible = true

[node name="RightHandController" parent="FPSController" index="3"]
visible = true

[node name="DebugScreen" parent="FPSController" instance=ExtResource( 5 )]
transform = Transform( 0.969885, 0, -0.243564, 0, 1, 0, 0.243564, 0, 0.969885, 0.892172, 2.23425, -3.20551 )

[node name="Switches" type="Spatial" parent="."]
transform = Transform( -0.334751, 0.297945, -0.893963, 0.00811825, 0.949573, 0.31344, 0.942272, 0.0976667, -0.320289, 2.66493, 1.07384, -0.0676955 )

[node name="SwitchesBoard1" type="Spatial" parent="Switches"]
transform = Transform( 0.999927, 0.00811808, -0.0088827, -0.0104931, 0.949574, -0.31337, 0.00589055, 0.313439, 0.94959, -0.0116105, -0.362236, -0.165796 )

[node name="FlipSwitch" parent="Switches/SwitchesBoard1" instance=ExtResource( 3 )]
transform = Transform( -5.21253e-16, 1.19249e-08, -1, -1, -4.37114e-08, 0, -4.37114e-08, 1, 1.19249e-08, -0.163662, 0.250592, -0.00969899 )

[node name="FlipSwitch2" parent="Switches/SwitchesBoard1" instance=ExtResource( 3 )]
transform = Transform( 1.91069e-15, -4.37114e-08, -1, -1, -4.37114e-08, 0, -4.37114e-08, 1, -4.37114e-08, -0.0489746, 0.250592, -0.00969899 )
on = true

[node name="FlipSwitch3" parent="Switches/SwitchesBoard1" instance=ExtResource( 3 )]
transform = Transform( 1.91069e-15, -4.37114e-08, -1, -1, -4.37114e-08, 0, -4.37114e-08, 1, -4.37114e-08, 0.0697672, 0.250592, -0.00969899 )

[node name="FlipSwitch4" parent="Switches/SwitchesBoard1" instance=ExtResource( 3 )]
transform = Transform( 1.91069e-15, -4.37114e-08, -1, -1, -4.37114e-08, 0, -4.37114e-08, 1, -4.37114e-08, 0.187651, 0.250592, -0.00969899 )

[node name="FlipSwitch5" parent="Switches/SwitchesBoard1" instance=ExtResource( 3 )]
transform = Transform( 8.88178e-16, -2.98023e-08, -1, -1, -4.37114e-08, 0, -4.37114e-08, 1, -2.98023e-08, 0.132169, 0.358573, -0.00969893 )

[node name="FlipSwitch6" parent="Switches/SwitchesBoard1" instance=ExtResource( 3 )]
transform = Transform( 1.91069e-15, -4.37114e-08, -1, -1, -4.37114e-08, 0, -4.37114e-08, 1, -4.37114e-08, 0.00984485, 0.358573, -0.00969899 )
on = true

[node name="FlipSwitch7" parent="Switches/SwitchesBoard1" instance=ExtResource( 3 )]
transform = Transform( 1.91069e-15, -4.37114e-08, -1, -1, -4.37114e-08, 0, -4.37114e-08, 1, -4.37114e-08, -0.107334, 0.358573, -0.00969899 )
on = true

[node name="Back" type="MeshInstance" parent="Switches/SwitchesBoard1"]
transform = Transform( 1, 0, 0, 0, -4.37114e-08, -1, 0, 1, -4.37114e-08, 0.00908756, 0.3138, -0.0142186 )
mesh = SubResource( 4 )
material/0 = SubResource( 5 )

[node name="SwitchesBoard2" type="Spatial" parent="Switches"]
transform = Transform( 1, 7.45058e-09, -5.96046e-08, -7.45058e-09, 1, 1.86265e-08, 0, 3.72529e-09, 1, 0, 0, 0 )

[node name="FlipSwitch" parent="Switches/SwitchesBoard2" instance=ExtResource( 3 )]
transform = Transform( -5.21253e-16, 1.19249e-08, -1, -1, -4.37114e-08, 0, -4.37114e-08, 1, 1.19249e-08, -0.163662, 0.250592, -0.00969899 )

[node name="FlipSwitch2" parent="Switches/SwitchesBoard2" instance=ExtResource( 3 )]
transform = Transform( 1.91069e-15, -4.37114e-08, -1, -1, -4.37114e-08, 0, -4.37114e-08, 1, -4.37114e-08, -0.0489746, 0.250592, -0.00969899 )
on = true

[node name="FlipSwitch3" parent="Switches/SwitchesBoard2" instance=ExtResource( 3 )]
transform = Transform( 1.91069e-15, -4.37114e-08, -1, -1, -4.37114e-08, 0, -4.37114e-08, 1, -4.37114e-08, 0.0697672, 0.250592, -0.00969899 )

[node name="FlipSwitch4" parent="Switches/SwitchesBoard2" instance=ExtResource( 3 )]
transform = Transform( 1.91069e-15, -4.37114e-08, -1, -1, -4.37114e-08, 0, -4.37114e-08, 1, -4.37114e-08, 0.187651, 0.250592, -0.00969899 )

[node name="FlipSwitch5" parent="Switches/SwitchesBoard2" instance=ExtResource( 3 )]
transform = Transform( 1.91069e-15, -4.37114e-08, -1, -1, -4.37114e-08, 0, -4.37114e-08, 1, -4.37114e-08, 0.132169, 0.358573, -0.00969899 )

[node name="FlipSwitch6" parent="Switches/SwitchesBoard2" instance=ExtResource( 3 )]
transform = Transform( 1.91069e-15, -4.37114e-08, -1, -1, -4.37114e-08, 0, -4.37114e-08, 1, -4.37114e-08, 0.00984485, 0.358573, -0.00969899 )
on = true

[node name="FlipSwitch7" parent="Switches/SwitchesBoard2" instance=ExtResource( 3 )]
transform = Transform( 1.91069e-15, -4.37114e-08, -1, -1, -4.37114e-08, 0, -4.37114e-08, 1, -4.37114e-08, -0.107334, 0.358573, -0.00969899 )
on = true

[node name="Back" type="MeshInstance" parent="Switches/SwitchesBoard2"]
transform = Transform( 1, 0, 0, 0, -4.37114e-08, -1, 0, 1, -4.37114e-08, 0.00908756, 0.3138, -0.0142186 )
mesh = SubResource( 4 )
material/0 = SubResource( 5 )

[node name="PlayerShip" parent="." instance=ExtResource( 4 )]
transform = Transform( 1, 0, 0, 0, 1, 0, 0, 0, 1, 0, 1.88703, 0 )

[editable path="FPSController"]
